@book{cover2012elements,
  title={Elements of information theory},
  author={Cover, Thomas M and Thomas, Joy A},
  year={2012},
  publisher={Wiley-interscience}
}


@book{breiman1984cart,
  title={Classification and regression trees},
  author={Breiman, L. and Friedman, J. H. and Olshen, R. A. and Stone, C. J.},
  year={1984}
}

@article{breiman2001rf,
  title={Random forests},
  author={Breiman, Leo},
  journal={Machine learning},
  volume={45},
  number={1},
  pages={5--32},
  year={2001},
  publisher={Springer}
}

@article{breiman2002manual,
  title={Manual on setting up, using, and understanding random forests v3. 1},
  author={Breiman, Leo},
  journal={Statistics Department University of California Berkeley, CA, USA},
  year={2002}
}

@article{breiman1996bagging,
  title={Bagging predictors},
  author={Breiman, L.},
  journal={Machine learning},
  volume={24},
  number={2},
  pages={123--140},
  year={1996},
  publisher={Springer}
}

@techreport{breiman2004consistency,
  title={Consistency for a simple model of random forests},
  author={Breiman, Leo},
  institution = {UC Berkeley},
  year={2004},
}

@article{geurts2006et,
  title={Extremely randomized trees},
  author={Geurts, P. and Ernst, D. and Wehenkel, L.},
  journal={Machine Learning},
  volume={63},
  number={1},
  pages={3--42},
  year={2006},
  publisher={Springer}
}

@phdthesis{zhao2000new,
  title={A new perspective on classification},
  author={Zhao, Guohua},
  year={2000},
  school={Utah State University, Department of Mathematics and Statistics}
}

@article{biau2008consistency,
  title={Consistency of random forests and other averaging classifiers},
  author={Biau, G{\'e}rard and Devroye, Luc and Lugosi, G{\'a}bor},
  journal={The Journal of Machine Learning Research},
  volume={9},
  pages={2015--2033},
  year={2008},
  publisher={JMLR. org}
}

@article{biau2012analysis,
  title={Analysis of a random forests model},
  author={Biau, G{\'e}rard},
  journal={The Journal of Machine Learning Research},
  volume={98888},
  pages={1063--1095},
  year={2012},
  publisher={JMLR. org}
}

@article{meinshausen2006quantile,
  title={Quantile regression forests},
  author={Meinshausen, Nicolai},
  journal={The Journal of Machine Learning Research},
  volume={7},
  pages={983--999},
  year={2006},
  publisher={JMLR. org}
}

@article{lin2006random,
  title={Random forests and adaptive nearest neighbors},
  author={Lin, Yi and Jeon, Yongho},
  journal={Journal of the American Statistical Association},
  volume={101},
  number={474},
  pages={578--590},
  year={2006},
  publisher={American Statistical Association}
}

@article{genuer2012variance,
  title={Variance reduction in purely random forests},
  author={Genuer, Robin},
  journal={Journal of Nonparametric Statistics},
  volume={24},
  number={3},
  pages={543--562},
  year={2012},
  publisher={Taylor \& Francis}
}

@article{liaw2002classification,
  title={Classification and Regression by randomForest},
  author={Liaw, Andy and Wiener, Matthew},
  journal={R news},
  volume={2},
  number={3},
  pages={18--22},
  year={2002}
}

@article{pedregosa2011scikit,
  title={Scikit-learn: Machine learning in Python},
  author={Pedregosa, Fabian and Varoquaux, Ga{\"e}l and Gramfort, Alexandre and Michel, Vincent and Thirion, Bertrand and Grisel, Olivier and Blondel, Mathieu and Prettenhofer, Peter and Weiss, Ron and Dubourg, Vincent and others},
  journal={The Journal of Machine Learning Research},
  volume={12},
  pages={2825--2830},
  year={2011},
  publisher={JMLR. org}
}


@article{huynh2012statistical,
  title={Statistical interpretation of machine learning-based feature importance scores for biomarker discovery.},
  author={Huynh-Thu, VA and Saeys, Y and Wehenkel, L and Geurts, P},
  journal={Bioinformatics (Oxford, England)},
  volume={28},
  number={13},
  pages={1766},
  year={2012}
}

@article{strobl2007bias,
  title={Bias in random forest variable importance measures: Illustrations, sources and a solution},
  author={Strobl, Carolin and Boulesteix, Anne-Laure and Zeileis, Achim and Hothorn, Torsten},
  journal={BMC bioinformatics},
  volume={8},
  number={1},
  pages={25},
  year={2007},
  publisher={BioMed Central Ltd}
}

@article{white1994technical,
  title={Technical note: Bias in information-based measures in decision tree induction},
  author={White, Allan P and Liu, Wei Zhong},
  journal={Machine Learning},
  volume={15},
  number={3},
  pages={321--329},
  year={1994},
  publisher={Springer}
}

@article{strobl2008conditional,
  title={Conditional variable importance for random forests},
  author={Strobl, Carolin and Boulesteix, Anne-Laure and Kneib, Thomas and Augustin, Thomas and Zeileis, Achim},
  journal={BMC bioinformatics},
  volume={9},
  number={1},
  pages={307},
  year={2008},
  publisher={BioMed Central Ltd}
}

@article{genuer2010variable,
  title={Variable selection using random forests},
  author={Genuer, Robin and Poggi, Jean-Michel and Tuleau-Malot, Christine},
  journal={Pattern Recognition Letters},
  volume={31},
  number={14},
  pages={2225--2236},
  year={2010},
  publisher={Elsevier}
}
@article{calle2011letter,
  title={Letter to the Editor: Stability of Random Forest importance measures},
  author={Calle, M Luz and Urrea, V{\'\i}ctor},
  journal={Briefings in bioinformatics},
  volume={12},
  number={1},
  pages={86--89},
  year={2011},
  publisher={Oxford Univ Press}
}

@article{nicodemus2011letter,
  title={Letter to the Editor: On the stability and ranking of predictors from random forest variable importance measures},
  author={Nicodemus, Kristin K},
  journal={Briefings in bioinformatics},
  volume={12},
  number={4},
  pages={369--373},
  year={2011},
  publisher={Oxford Univ Press}
}

@article{guyon2003introduction,
  title={An introduction to variable and feature selection},
  author={Guyon, Isabelle and Elisseeff, Andr{\'e}},
  journal={The Journal of Machine Learning Research},
  volume={3},
  pages={1157--1182},
  year={2003},
  publisher={JMLR. org}
}

@article{ho1998random,
  title={The random subspace method for constructing decision forests},
  author={Ho, T.K.},
  journal={Pattern Analysis and Machine Intelligence, IEEE Transactions on},
  volume={20},
  number={8},
  pages={832--844},
  year={1998},
  publisher={IEEE}
}

@incollection{louppe2012ensembles,
  title={Ensembles on random patches},
  author={Louppe, Gilles and Geurts, Pierre},
  booktitle={Machine Learning and Knowledge Discovery in Databases},
  pages={346--361},
  year={2012},
  publisher={Springer}
}

@article{ishwaran2007variable,
  title={Variable importance in binary regression trees and forests},
  author={Ishwaran, Hemant},
  journal={Electronic Journal of Statistics},
  volume={1},
  pages={519--537},
  year={2007},
  publisher={Institute of Mathematical Statistics}
}

@article{kohavi1997wrappers,
  title={Wrappers for feature subset selection},
  author={Kohavi, Ron and John, George H},
  journal={Artificial intelligence},
  volume={97},
  number={1},
  pages={273--324},
  year={1997},
  publisher={Elsevier}
}
